@misc{sourceforge,
    Author = {Slashdot Media.},
    Howpublished = {\url{https://sourceforge.net/projects/cppunit/}},
    Title = {{CppUnit - C++ port of JUnit.}},
    Url = {https://sourceforge.net/projects/cppunit/},
    note   = "2018 (Accessed : 31/03/2018)",
    }
  @misc{cookbook,
    Author = {Sourceforge.},
    Howpublished = {\url{http://cppunit.sourceforge.net/doc/cvs/cppunit_cookbook.html}},
    Title = {{CppUnit Cookbook.}},
    Url = {http://cppunit.sourceforge.net/doc/cvs/cppunit_cookbook.html},
    note   = "N/A (Accessed : 31/03/2018)",
    }
    @misc{Tradeoffs,
    Author = {Virendra J. Marathe, William N. Scherer III, Michael L. Scott.},
    Howpublished = {\url{http://web.cse.ohio-state.edu/~agrawal.28/788-su08/Papers/week4/design_tradeoffs_modern_stm.pdf}},
    Title = {{Design Tradeoffs in Modern Software Transactional Memory Systems .}},
    Url = {http://web.cse.ohio-state.edu/~agrawal.28/788-su08/Papers/week4/design_tradeoffs_modern_stm.pdf},
    note   = "2004 (Accessed : 12/04/2018)",
    }
    @misc{Performance,
    Author = {Gulfam Abbas, Naveed Asif.},
    Howpublished = {\url{https://pdfs.semanticscholar.org/5ca0/50378c9e45bb0215a558ebd18d9fad7cc8bc.pdf}},
    Title = {{Performance Tradeoffs in Software Transactional Memorys .}},
    Url = {https://pdfs.semanticscholar.org/5ca0/50378c9e45bb0215a558ebd18d9fad7cc8bc.pdf},
    note   = "2010 (Accessed : 12/04/2018)",
    }
    
    
    
    
    
    
 
    
    