@misc{Vasudevan,
    Author = {Vasudevan, T.},
    Howpublished = {\url{https://www.ibm.com/developerworks/library/j-nothreads/index.htmll}},
    Title = {{Multicore CPUs and the concurrency changes they bring.}},
    Url = {https://www.ibm.com/developerworks/library/j-nothreads/index.html},
    note   = "2012 (Accessed : 16/10/2017)",
    }